@inproceedings{long2015fully,
  title={Fully convolutional networks for semantic segmentation},
  author={Long, Jonathan and Shelhamer, Evan and Darrell, Trevor},
  booktitle={Proceedings of the IEEE Conference on Computer Vision and Pattern Recognition},
  pages={3431--3440},
  year={2015}
}

@article{fadnavis2014image,
  title={Image Interpolation Techniques in Digital Image Processing: An Overview},
  author={Fadnavis, Shreyas},
  journal={International Journal of Engineering Research and Applications},
  volume={4},
  number={10},
  pages={70--73},
  year={2014}
}

@misc{bilinear_img,
  title = {Bilinear Interpolation},
  howpublished = {\url{https://www.giassa.net/?page_id=240}}
}

